@article{antsim:1,
    author = {Xiang, W AND Ren, J AND Wang, K AND Deng, Z AND Jin, X},
    title = "Biologically inspired ant colony simulation.",
    journal = "Computer Animation and Virtual Worlds",
    year = 2018
}

@misc{Lotka-Volterra-Equations:1,
    author = {Eric W. Weisstein},
    title = {Lotka-Volterra Equations},
    howpublished = "\url{https://mathworld.wolfram.com/Lotka-VolterraEquations.html}",
    note = "Accessed September 11 2025"
}


@article{ant-colony-optimization,
    author = {Marco Dorigo AND Mauro Birattari AND Thomas St√ºtzle},
    title = {Ant Colony Optimization: Artificial Ants as a Computational Intelligence Technique},
    journal = {IEEE COMPUTATIONAL INTELLIGENCE MAGAZINE},
    year = 2006
}